<record><leader>00000cas a22000007a 4500</leader><controlfield tag="001">9658864</controlfield><controlfield tag="008">830630d19141915ohuwr ne      0    0ger d</controlfield><datafield ind1=" " ind2=" " tag="010"><subfield code="a">sn 83035272 </subfield></datafield><datafield ind1=" " ind2=" " tag="040"><subfield code="a">NPY</subfield><subfield code="b">eng</subfield><subfield code="c">NPY</subfield><subfield code="d">ONP</subfield><subfield code="d">OCLCQ</subfield><subfield code="d">OCLCF</subfield><subfield code="d">OCLCO</subfield></datafield><datafield ind1="1" ind2=" " tag="029"><subfield code="a">AU@</subfield><subfield code="b">000025840282</subfield></datafield><datafield ind1=" " ind2=" " tag="042"><subfield code="a">msc</subfield></datafield><datafield ind1="0" ind2=" " tag="130"><subfield code="a">Nationale gazette (Cleveland, Ohio)</subfield></datafield><datafield ind1="0" ind2="0" tag="245"><subfield code="a">Nationale gazette.</subfield></datafield><datafield ind1=" " ind2=" " tag="260"><subfield code="a">Cleveland, Ohio :</subfield><subfield code="b">Nationale Gazette Co.,</subfield><subfield code="c">1914-1915.</subfield></datafield><datafield ind1=" " ind2=" " tag="300"><subfield code="a">v.</subfield></datafield><datafield ind1=" " ind2=" " tag="310"><subfield code="a">Weekly</subfield></datafield><datafield ind1="0" ind2=" " tag="362"><subfield code="a">Jahrg. 9, no. 41 (Aug. 27, 1914)-Jahrg. 10, no. 21 (Apr. 8, 1915).</subfield></datafield><datafield ind1=" " ind2=" " tag="500"><subfield code="a">Published on Thursday.</subfield></datafield><datafield ind1=" " ind2=" " tag="500"><subfield code="a">Publishing firm owned by E.H. Meyer, Aug. 27, 1914-Feb. 11, 1915.</subfield></datafield><datafield ind1="8" ind2=" " tag="521"><subfield code="a">"Devoted to the interests of all German nationalities."</subfield></datafield><datafield ind1=" " ind2=" " tag="546"><subfield code="a">In German.</subfield></datafield><datafield ind1=" " ind2=" " tag="550"><subfield code="a">Official organ of the: 16. Districts. German Beneficial Union in Cleveland, Ohio.</subfield></datafield><datafield ind1=" " ind2="0" tag="650"><subfield code="a">Germans</subfield><subfield code="z">Ohio</subfield><subfield code="v">Newspapers.</subfield></datafield><datafield ind1=" " ind2="7" tag="655"><subfield code="a">Newspapers.</subfield><subfield code="2">fast</subfield><subfield code="0">(OCoLC)fst01423814</subfield></datafield><datafield ind1=" " ind2="7" tag="650"><subfield code="a">Germans.</subfield><subfield code="2">fast</subfield><subfield code="0">(OCoLC)fst00942100</subfield></datafield><datafield ind1=" " ind2="7" tag="651"><subfield code="a">Ohio.</subfield><subfield code="2">fast</subfield><subfield code="0">(OCoLC)fst01205075</subfield></datafield><datafield ind1="1" ind2=" " tag="700"><subfield code="a">Meyer, E. H.</subfield></datafield><datafield ind1=" " ind2=" " tag="752"><subfield code="a">United States</subfield><subfield code="b">Ohio</subfield><subfield code="c">Cuyahoga</subfield><subfield code="d">Cleveland.</subfield></datafield><datafield ind1="0" ind2="0" tag="780"><subfield code="t">Neue Heimat</subfield><subfield code="c">(Cleveland, Ohio : 1907)</subfield><subfield code="w">(DLC)sn 83035271</subfield></datafield><datafield ind1="0" ind2="0" tag="785"><subfield code="t">Deutsch-Ungarisches Volks-Blatt</subfield><subfield code="w">(DLC)sn 83035273</subfield></datafield></record>